%% This BibTeX bibliography file was created using BibDesk.
%% http://bibdesk.sourceforge.net/


%% Saved with string encoding Unicode (UTF-8) 



@article{alon_discovering_2003,
	title = {Discovering Clusters in Motion Time-Series Data},
	doi = {10.1109/CVPR.2003.1211378},
	journal = {2003 IEEE Computer Society Conference on Computer Vision and Pattern Recognition},
	author = {Alon, Jonathan and Sclaroff, Stan and Kollios, George and Pavlovic, Vladimir},
	year = {2003},
	publisher={IEEE},
	volume = {1},
	pages = {375–-381}
}

@article{wang_clustering_2019,
	title = {Clustering of Interval-Valued Time Series of Unequal Length Based on Improved Dynamic Time Warping},
	volume = {125},
	doi = {10.1016/j.eswa.2019.01.005},
	journal = {Expert Systems with Applications},
	author = {Wang, Xiao and Yu, Fusheng and Pedrycz, Witold and Yu, Lian},
	year = {2019},
	pages = {293--304},
	publisher={Elsevier}
}

@article{heaton_nonstationary_2017,
	title = {Nonstationary Gaussian Process Models Using Spatial Hierarchical Clustering from Finite Differences},
	volume = {59},
	doi = {10.1080/00401706.2015.1102763},
	number = {1},
	journal = {Technometrics},
	author = {Heaton, Matthew J and Christensen, William F and Terres, Maria A},
	year = {2017},
	pages = {93--101},
	publisher={Taylor \& Francis}
}

@article{yuan_review_2017,
	title = {A Review of Moving Object Trajectory Clustering Algorithms},
	volume = {47},
	doi = {10.1007/s10462-016-9477-7},
	number = {1},
	journal = {Artificial Intelligence Review},
	author = {Yuan, Guan and Sun, Penghui and Zhao, Jie and Li, Daxing and Wang, Canwei},
	year = {2017},
	pages = {123--144},
	publisher={Springer}
}

@inproceedings{lee_trajectory_2007,
author = {Lee, Jae-Gil and Han, Jiawei and Whang, Kyu-Young},
title = {Trajectory Clustering: A Partition-and-Group Framework},
year = {2007},
isbn = {9781595936868},
publisher = {Association for Computing Machinery},
address = {New York, NY, USA},
doi = {10.1145/1247480.1247546},
booktitle = {Proceedings of the 2007 ACM SIGMOD International Conference on Management of Data},
pages = {593–604},
numpages = {12},
location = {Beijing, China},
series = {SIGMOD '07}
}


@article{appice_using_2013,
	title = {Using Trend Clusters for Spatiotemporal Interpolation of Missin Data in a Sensor Network},
	volume = {6},
	doi = {10.5311/JOSIS.2013.6.102},
	journal = {Journal of Spatial Information Science},
	author = {Appice, Annalisa and Ciampi, Anna and Malerba, Donato and Guccione, Pietro},
	year = {2013},
	pages = {119--153},
	publisher = {University of Maine}
}

@article{fouedjio_hierarchical_2016,
	title = {A Hierarchical Clustering Method for Multivariate Geostatistical Data},
	volume = {18},
	issn = {2211-6753},
	doi = {10.1016/j.spasta.2016.07.003},
	urldate = {2021-08-25},
	journal = {Spatial Statistics},
	author = {Fouedjio, Francky},
	year = {2016},
	pages = {333--351},
	publisher={Springer}
}

@article{kim_analyzing_2005,
	title = {Analyzing Nonstationary Spatial Data Using Piecewise Gaussian Processes},
	volume = {100},
	doi = {10.1198/016214504000002014},
	number = {470},
	journal = {Journal of the American Statistical Association},
	author = {Kim, Hyoung-Moon and Mallick, Bani K. and Holmes, C.C.},
	year = {2005},
	pages = {653--668},
	publisher={Taylor \& Francis}
}

@article{guinness_gaussian_2019,
	title = {Gaussian Process Learning via Fisher Scoring of Vecchia's Approximation},
	volume = {31},
	doi = {10/1007/s11222-021-09999-1},
	number = {25},
	journal = {Statistics and Computing},
	author = {Guinness, J},
	year = {2019},
	publisher={Springer}

}


@article{guinness_permutation_2018,
	title = {Permutation and Grouping Methods for Sharpening Gaussian Process Approximations},
	volume = {60},
	doi = {10.1080/00401706.2018.1437476},
	number = {4},
	journal = {Technometrics},
	pages = {415--429},
	author = {Guinness, J},
	year = {2018},
	publisher={Taylor \& Francis}
}


@article{hutter_leads_2019,
	title = {Leads and Ridges in Arctic Sea Ice from RGPS Data and a new Tracking Algorithm},
	volume = {13},
	doi = {10.5194/tc-13-627-2019},
	number = {2},
	journal = {The Cryosphere},
	author = {Hutter, Nils and Zampieri, Lorenzo and Losch, Martin},
	year = {2019},
	pages = {627--645},
	publisher = {European Geosciences Union}
}

@article{vicente_bayesian_2020,
	title = {Bayesian inference in multivariate spatio-temporal areal models using {INLA}: analysis of gender-based violence in small areas},
	volume = {34},
	doi = {10.1007/s00477-020-01808-x},
	journal = {Stochastic Environmental Research and Risk Assessment},
	author = {Vicente, G and Goicoa, T and Ugarte, M.D},
	year = {2020},
	pages = {1421--1440},
	publisher={Springer}
}

@incollection{eicken_sea_2015,
	series = {Hazards and Disasters Series},
	title = {Sea Ice: Hazards, Risks, and Implications for Disasters},
	isbn = {978-0-12-396483-0},
	booktitle = {Coastal and Marine Hazards, Risks, and Disasters},
	publisher = {Elsevier},
	author = {Eicken, Hajo and Mahoney, Andrew R},
	year = {2015},
	pages = {381--401},
}

@article{li_interpolation_2004,
	title = {Interpolation Methods for Spatio-Temporal Geographic Data},
	volume = {28},
	doi = {10.1016/S0198-9715(03)00018-8},
	number = {3},
	journal = {Computers, Environment and Urban Systems},
	author = {Li, Lixin and Revesv, Peter},
	year = {2004},
	pages = {201--227},
	publisher = {Elsevier}
}

@article{mazimpaka_trajectory_2016,
	title = {Trajectory Data Mining: A Review of Methods and Applications},
	volume = {13},
	doi = {10.5311/JOSIS.2016.13.263},
	journal = {Journal of Spatial Information Science},
	author = {Mazimpaka, Jean Damascene and Timpf, Sabine},
	year = {2016},
	pages = {61--99},
	publisher = {University of Maine}
}

@article{fablet_data-driven_2017,
	title = {Data-driven Models for the Spatio-Temporal Interpolation of satellie-derived SST Fields},
	volume = {3},
	issn = {2333-9403},
	doi = {10.1109/TCI.2017.2749184},
	number = {4},
	journal = {IEEE Transactions on Computational Imaging},
	author = {Fablet, Ronan and Huynh Viet, Phi and Lguensat, Redouane},
	year = {2017},
	pages = {647--657},
	publisher = {IEEE}
}

@article{maceachren_constructing_1999,
	title = {Constructing Knowledge from Multivariate Spatiotemporal data: integrating geophysical visualization with knowledge discovery in database methods},
	volume = {13},
	doi = {10.1080/136588199241229},
	number = {4},
	journal = {International Journal of Geographical Information Science},
	author = {MacEachren, Alan M and Wachowicz, Monica and Edsall, Robert and Haug, Daniel and Masters, Raymon},
	year = {1999},
	pages = {311--334},
  publisher={Taylor \& Francis}
}

@article{rohrs_algorithm_2012,
	title = {An algorithm to detect sea ice leads by using AMSR-E passive microwave imagery},
	volume = {6},
	doi = {10.5194/tc-6-343-2012},
	number = {2},
	journal = {The Cryosphere},
	author = {Rohrs, Johannes and Kaleschke, Lars and Brohan, David and Siligam, P},
	year = {2012},
	pages = {343--352},
  publisher = {European Geosciences Union}
}

@incollection{peterson_evaluating_2011,
	address = {Berlin, Heidelberg},
	title = {Evaluating Sea Ice Deformation in the Beaufort Sea Using a Kinematic Crack Algorithm with RGPS Data},
	isbn = {978-3-642-16541-2},
	booktitle = {Remote Sensing of the Changing Oceans},
	publisher = {Springer},
	author = {Peterson, K and Sulsky, D},
	year = {2011}
}

@article{bouillon_producing_2015,
	title = {On producing sea ice deformation dataset from SAR-derived sea ice motion},
	volume = {9},
	url = {www.the-cryosphere.net/9/663/2015/},
	doi = {10.5194/tc-9-663-2015},
	journal = {The Cryosphere},
	author = {Bouillon, Sylvain and Rampal, Pierre},
	year = {2015},
	pages = {663--673},
	publisher = {European Geosciences Union}
}

@article{birant_st-dbscan_2007,
	title = {ST-DBSCAN: An algorithm for clustering spatial–temporal data},
	volume = {60},
	issn = {0169-023X},
	doi = {10.1016/j.datak.2006.01.013},
	number = {1},
	journal = {Data \& Knowledge Engineering},
	author = {Birant, Derya and Kut, Alp},
	year = {2007},
	pages = {208--221},
	publisher = {Elsevier}
}

@article{wentz_comparison_2003,
	title = {A comparison of two methods to create tracks of moving objects: linear weighted distance and constrained random walk},
	volume = {17},
	doi = {10.1080/1365881031000135492},
	number = {7},
	journal = {International Journal of Geographical Information Science},
	author = {Wentz, Elizabeth A and Campbell, Aimee F and Houston, Robert},
	year = {2003},
	pages = {623--645},
  publisher={Taylor \& Francis}
}

@article{long_kinematic_2016,
	title = {Kinematic Interpolation of Movement Data},
	volume = {30},
	doi = {10.1080/13658816.2015.1081909},
	number = {5},
	journal = {International Journal of Geographical Information Science},
	author = {Long, Jed A},
	year = {2016},
	pages = {854--868},
	publisher={Taylor \& Francis}
}


@article{ansari_spatiotemporal_2020,
  title={Spatiotemporal clustering: a review},
  author={Ansari, Mohd Yousuf and Ahmad, Amir and Khan, Shehroz S and Bhushan, Gopal and others},
  journal={Artificial Intelligence Review},
  volume={53},
  number={4},
  pages={2381--2423},
  year={2020},
  publisher={Springer},
  doi = {10.1007/s10462-019-09736-1}
}

@article{hoffman_application_2021,
	title = {Application of a Convolutional Neural Network for the Detection of Sea Ice Leads},
	volume = {13},
	doi = {10.3390/rs13224571},
	journal = {Remote Sensing},
	author = {Hoffman, Jay P and Ackerman, Steven A and Liu, Yinghui and Key, Jeffrey R and McConnell, Iain L},
	number = {22},
	year = {2021},
	pages = {4571},
  publisher = {MDPI}
}

@article{key_detectability_1993,
	title = {The detectability of sea-ice leads in satellite data as a function of atmospheric conditions and measurement scale},
	volume = {17},
	doi = {10.3189/S026030550001288X},
	journal = {Annals of Glaciology},
	author = {Key, J and Stone, R and Maslanik, J and Ellefsen, E},
	year = {1993},
	pages = {227--232},
	publisher = {Cambridge University Press}
}

@article{willmes_pan-arctic_2015,
	title = {Pan-Arctic lead detection from MODIS thermal infrared imagery},
	volume = {56},
	doi = {10.3189/2015AoG69A615},
	journal = {Annals of Glaciology},
	author = {Willmes, Sascha and Heinemann, Gunther},
	year = {2015},
	pages = {29--37},
  publisher = {Cambridge University Press}
}

@article{reiser_new_2020,
	title = {A New Algorithm for Daily Sea Ice Lead Identification in the Arctic and Antarctic Winter from Thermal-Infrared Satellite Imagery},
	volume = {12},
	doi = {10.3390/rs12121957},
	number = {12},
	journal = {Remote Sensing},
	author = {Reiser, Fabian and Willmes, Sascha and Heinemann, Gunther},
	year = {2020},
	pages = {1957},
  publisher = {MDPI}
}

@article{linow_object-based_2017,
	title = {Object-Based Detection of Linear Kinematic Features in Sea Ice},
	volume = {9},
	doi = {10.3390/rs9050493},
	number = {5},
	journal = {Remote Sensing},
	author = {Linow, S and Dierking, W},
	year = {2017},
	pages = {1--15},
	publisher = {MDPI}
}

@article{lindsay_radarsat_2003,
	title = {The RADARSAT Geophysical Processor System: Quality of sea ice trajectory and deformation estimates},
	volume = {20},
	doi = {10.1175/1520-0426(2003)020<1333:TRGPSQ>2.0.CO;2},
	number = {9},
	journal = {Journal of Atomspheric and Oceanic Technology},
	author = {Lindsay, RW and Stern, HL},
	year = {2003},
	pages = {1333--1347},
  publisher = {American Meterological Society}
}

@article{hoffman_detection_2019,
	title = {The Detection and Characterization of Arctic Sea Ice Leads with Satellite Imagers},
	volume = {11},
	doi = {10.3390/rs11050521},
	number = {5},
	journal = {Remote Sensing},
	author = {Hoffman, Jay P and Ackerman, Steven A and Liu, Yinghui and Key, Jeffrey R},
	year = {2019},
	pages = {521},
  publisher = {MDPI}
}

@article{rinzivillo_visuallydriven_2008,
	title = {Visually–driven analysis of movement data by progressive clustering},
	volume = {7},
	doi = {10.1057/palgrave.ivs.9500183.},
	number = {3},
	journal = {Information Visualization},
	author = {Rinzivillo, Salvatore and Pedreschi, Dino and Nanni, Micro and Giannotti, Fosca},
	year = {2008},
	pages = {225--239},
	publisher={Sage Publications}
}


@inproceedings{andrienko_supporting_2000,
  author = {Andrienko, Natalia and Andrienko, Gennady and Gatalsky, Peter},
  title = {Supporting Visual Exploration of Object Movement},
  year = {2000},
  isbn = {1581132522},
  publisher = {Association for Computing Machinery},
  address = {New York, NY, USA},
  doi = {10.1145/345513.345319},
  booktitle = {Proceedings of the Working Conference on Advanced Visual Interfaces},
  pages = {217–220},
  numpages = {4},
  location = {Palermo, Italy},
  series = {AVI '00}
}


@article{andrienko_visual_2007,
  author = {Andrienko, Gennady and Andrienko, Natalia and Wrobel, Stefan},
  title = {Visual Analytics Tools for Analysis of Movement Data},
  year = {2007},
  publisher = {Association for Computing Machinery},
  address = {New York, NY, USA},
  volume = {9},
  number = {2},
  issn = {1931-0145},
  doi = {10.1145/1345448.1345455},
  journal = {SIGKDD Explor. Newsl.},
  pages = {38–46},
  numpages = {9},
}

@article{andrienko_interactive_2009,
  author = {Andrienko, Gennady and Andrienko, Natalia},
  title = {Interactive Cluster Analysis of Diverse Types of Spatiotemporal Data},
  year = {2010},  
  publisher = {Association for Computing Machinery},
  address = {New York, NY, USA},
  volume = {11},
  number = {2},
  issn = {1931-0145},
  doi = {10.1145/1809400.1809405},
  journal = {SIGKDD Explor. Newsl.},
  pages = {19–28},
  numpages = {10}
}

@article{andrienko_exploratory_2003,
	title = {Exploratory spatio-temporal visualization: an analytical review},
  journal = {Journal of Visual Languages & Computing},
  volume = {14},
  number = {6},
  pages = {503-541},
  year = {2003},
  issn = {1045-926X},
  doi = {10.1016/S1045-926X(03)00046-6},
  author = {Andrienko, Natalia  and Andrienko, Gennady  and Gatalsky, Peter},
  publisher = {Elsevier}
}

@article{gaffney_probabilistic_2007,
	title = {Probabilistic Clustering of Extratropical cyclones using regression mixture models},
	volume = {29},
	doi = {10.1007/s00382-007-0235-z},
	number = {4},
	journal = {Climate Dynamics},
	author = {Gaffney, Scott J and Robertson, Andrew W and Smyth, Padhraic and Camargo, Suzana J and Ghil, Michael},
	year = {2007},
	pages = {423--440},
	publisher = {Springer}
}


@INPROCEEDINGS{chen_clustering_2011,
  author={Chen, Jinyang and Wang, Rangding and Liu, Liangxu and Song, Jiatao},
  booktitle={2011 International Conference on Electronics, Communications and Control (ICECC)}, 
  title={Clustering of trajectories based on Hausdorff distance}, 
  year={2011},
  volume={},
  number={},
  pages={1940-1944},
  doi={10.1109/ICECC.2011.6066483},
  publisher = {IEEE}
  }

@InProceedings{sabarish_clustering_2018,
  author = {Sabarish, B.A. and Karthi, R and Gireeshkumar, T},
  editor={Hemanth, D. Jude and Smys, S.},
  title={Clustering of Trajectory Data Using Hierarchical Approaches},
  booktitle = {Computational Vision and Bio Inspired Computing},
  year = {2018},
  publisher={Springer International Publishing},
  pages={215--226},
  isbn={978-3-319-71767-8},
  volume = {28}
}


@article{higgs_segmentation_2015,
	author = {Higgs, Bryan and Abbas, Montasir},
  title = {Segmentation and Clustering of Car-Following Behavior: Recognition of Driving Patterns},
  year = {2015},
  publisher = {IEEE Press},
  volume = {16},
  number = {1},
  doi = {10.1109/TITS.2014.2326082},
  journal = {Trans. Intell. Transport. Syst.},
  pages = {81–90},
  numpages = {10}
}

@article{ossama_extended_2011,
  title = {An extended k-means technique for clustering moving objects},
  journal = {Egyptian Informatics Journal},
  volume = {12},
  number = {1},
  pages = {45-51},
  year = {2011},
  issn = {1110-8665},
  doi = {10.1016/j.eij.2011.02.007},
  author = {Omnia Ossama and Hoda M.O. Mokhtar and Mohamed E. El-Sharkawi},
  publisher = {Elsevier}
}

@article{ossama_dynamic_2012,
	title = {Dynamic K-means: a clustering technique for moving object trajectories},
	volume = {6},
	doi = {10.1504/IJIIDS.2012.049111},
	number = {4},
	journal = {International Journal of Intelligent Information and Database Systems},
	author = {Ossama, Omnia and Mokhtar, Hoda M.O. and El-Sharkawi, Mohamed E},
	year = {2012},
	pages = {307--327},
	publisher = {InderScience Online}
}

@inproceedings{chudova_translation-invariant_2003,
	author = {Chudova, Darya and Gaffney, Scott and Mjolsness, Eric and Smyth, Padhraic},
  title = {Translation-Invariant Mixture Models for Curve Clustering},
  year = {2003},
  isbn = {1581137370},
  publisher = {Association for Computing Machinery},
  address = {New York, NY, USA},
  doi = {10.1145/956750.956763},
  booktitle = {Proceedings of the Ninth ACM SIGKDD International Conference on Knowledge Discovery and   Data Mining},
  pages = {79–88},
  numpages = {10},
  location = {Washington, D.C.},
  series = {KDD '03}
}


@article{sabarish_graph_2020,
  title = {Graph Similarity-based Hierarchical Clustering of Trajectory Data},
  journal = {Procedia Computer Science},
  volume = {171},
  pages = {32-41},
  year = {2020},
  note = {Third International Conference on Computing and Network Communications (CoCoNet'19)},
  issn = {1877-0509},
  doi = {10.1016/j.procs.2020.04.004},
  author = {B.A. Sabarish and R. Karthi and T. Gireesh Kumar},
  publisher = {Elsevier}
}


@inproceedings{smyth_clustering_1996,
  author = {Smyth, Padhraic},
  title = {Clustering Sequences with Hidden Markov Models},
  year = {1996},
  publisher = {MIT Press},
  address = {Cambridge, MA, USA},
  booktitle = {Proceedings of the 9th International Conference on Neural Information Processing       Systems},
  pages = {648–654},
  numpages = {7},
  location = {Denver, Colorado},
  series = {NIPS'96}
}

@article{pope_gaussian_2019,
  title = {Gaussian Process Modeling of Heterogeneity and Discontinuities Using Voronoi Tessellations},
	volume = {63},
	doi = {10.1080/00401706.2019.1692696},
	number = {1},
	journal = {Technometrics},
	author = {Pope, Christopher A and Gosling, John Paul and Barber, Stuart and Johnson, Jill and Yamaguchi, Takanobu and Feingold, Graham and Blackwell, Paul G},
	year = {2019},
	pages = {53--63},
  publisher={Taylor \& Francis}
}

@article{guhaniyogi_divide_2017,
	title = {A Divide and Conquer Bayesian Approach to Large-Scale Kriging},
	doi = {10.48550/ARXIV.1712.09767},
	journal = {arXiv},
	author = {Guhaniyogi, Rajarshi and Li, Chen and Savitsky, Terrance D and Srivastava, Sanvesh},
	year = {2017},
	publisher = {Cornell University}
}

@article{konomi_adaptive_2014,
	title = {Adaptive Bayesian Nonstationary Modeling for Large Spatial Datasets Using Covariance Approximations},
	volume = {23},
	doi = {10.1080/10618600.2013.812872},
	number = {3},
	journal = {Journal of Computational and Graphical Statistics},
	author = {Konomi, Bledar A. and Sang, Huiyan and Mallick, Bani K.},
	year = {2014},
	pages = {802--829},
	publisher={Taylor \& Francis}
}

@phdthesis{thomas_bayesian_2015,
	address = {OhioLINK Electronic Theses and Dissertations Center},
	type = {Doctoral {Dissertation}},
	title = {Bayesian Hierarchial Space-Time Clustering Methods},
	school = {Ohio State University},
	author = {Thomas, Zachary M},
	year = {2015}
}

@article{gramacy_bayesian_2008,
	title = {Bayesian Treed Gaussian Process Models with an Application to Computer Modeling},
	volume = {103},
	number = {483},
	journal = {Journal of the American Statistical Association},
	author = {Gramacy, Robert B and Lee, Herbert KH},
	year = {2008},
	pages = {1119--1130},
	publisher={Taylor \& Francis}
}

@article{wang_big_2020,
	title = {Big Trajectory Data Mining: A Survey of Methods, Applications, and Services},
	volume = {20},
	doi = {10.3390/s20164571},
	number = {16},
	journal = {Sensors},
	author = {Wang, Di and Miwa, Tomio and Morikawa, Takayuki},
	year = {2020},
	pages = {4571},
	ppublisher = {MDPI}
}

@article{napier_bayesian_2019,
	title = {A Bayesian space-time model for clustering areal units based on their disease trends},
	volume = {20},
	doi = {10.1093/biostatistics/kxy024},
	number = {4},
	journal = {Biostatistics},
	author = {Napier, Gary and Lee, Duncan and Robertson, Chris and Lawson, Andrew},
	year = {2019},
	pages = {681--697},
	publisher = {National Library of Medicine}
}

@inproceedings{kalnis_discovering_2005,
	title = {On Discovering Moving Clusters in Spatio-temporal Data},
	doi = {10.1007/11535331_21},
	booktitle = {Advances in Spatial and Temporal Databases},
	publisher = {Springer},
	address={Berlin, Heidelberg},
	author = {Kalnis, Panos and Mamoulis, Nikos and Barkiras, Spiridon},
	year = {2005},
	pages = {364--381}
}

@incollection{han_overview_2009,
	edition = {2},
	title = {An Overview of Clustering Methods in Geographic Data Analysis},
	isbn = {978-1-4200-7398-0},
	booktitle = {Geographic Data Mining and Knowledge Discovery},
	publisher = {CRC Press},
	author = {Han, Jiawei and Lee, Jae Gil and Kamber, Micheline},
	year = {2009},
	pages = {149--188},
}

@incollection{kisilevich_spatio-temporal_nodate,
	address = {Boston, MA},
	title = {Spatio-temporal clustering},
	isbn = {978-0-387-09823-4},
	booktitle = {Data Mining and Knowledge Discovery Handbook},
	publisher = {Springer},
	author = {Kisilevich, Slava and Mansmann, Florian and Nanni, Micro and Rinzivillo, Salvatore},
	pages = {855--874}
}

@article{hu_spatiotemporal_2017,
	title = {Spatiotemporal regression Kriging to predict precipitation using time-series MODIS data},
	volume = {20},
	doi = {10.1007/s10586-016-0708-0},
	journal = {Cluster Computing},
	author = {Hu, Dangui and Shu, Hong and Hu, Hongda and Xu, Jianhui},
	year = {2017},
	pages = {347--357},
  publisher = {Springer}
}

@article{ouala_neural_2018,
  author = {Ouala, Said and Fablet, Ronan and Herzet, Cédric and Chapron, Bertrand and Pascual, Ananda and Collard, Fabrice and Gaultier, Lucile},
  title = {Neural Network Based Kalman Filters for the Spatio-Temporal Interpolation of Satellite-Derived Sea Surface Temperature},
  journal = {Remote Sensing},
  volumne = {10},
  year = {2018},
  number = {12},
  article-number = {1864},
	doi = {10.3390/rs10121864},
  publisher = {MDPI}
}

@article{susanto_spatiotemporal_2016,
	title = {Spatiotemporal Interpolation for Environmental Modelling},
	volume = {16},
	doi = {10.3390/s16081245},
	number = {8},
	journal = {Sensors},
	author = {Susanto, Ferry and de Sourza Jr, Paulo and He, Jing},
	year = {2016},
	article-number = {1245},
  publisher = {MDPI}
}

@article{li_fast_2014,
	title = {Fast inverse distance weighting-based spatiotemporal interpolation: a web-based application of interpolating daily fine particulate matter PM2:5 in the contiguous U.S. using parallel programming and k-d tree.},
	volume = {11},
	doi = {10.3390/ijerph110909101},
	number = {9},
	journal = {International Journal of Environmental Research and Public Health},
	author = {Li, Lixin and Losser, Travis and Yorke, Charles and Piltner, Reinhard},
	year = {2014},
	pages = {9101--9141},
  publisher = {National Library of Medicine}
}

@article{donlon_operational_2011,
	title = {The Operational Sea Surface Temperature and Sea Ice Analysis (OSTIA) system},
	volume = {116},
	number = {15},
	doi = {10.1016/j.rse.2010.10.017},
	journal = {Remote Sensing of Environment},
	author = {Donlon, Craig J and Martin, Matthew and Stark, John and Roberts-Jones, Jonah and Fiedler, Emma and Wimmer, Wrenfrid},
	year = {2011},
	pages = {140--158},
  publisher = {Elsevier}
}

@article{beckers_eof_2003,
	title = {EOF Calculations and Data Filling from Incomplete Oceanographic Datasets},
	volume = {20},
	doi = {10.1175/1520-0426(2003)020<1839:ECADFF>2.0.CO;2},
	number = {12},
	journal = {Journal of Atomspheric and Oceanic Technology},
	author = {Beckers, JM and Rixen, M},
	year = {2003},
	pages = {1839--1856},
  publisher = {American Meterological Society}
}

@article{snepvangers_soil_2005,
	title = {Soil water content interpolation using spatio-temporal kriging with external drift},
	volume = {112},
	doi = {10.1201/9781420028188.ch16},
	number = {3--4},
	journal = {Geoderma},
	author = {Snepvangers, JJJC and Heuvelink, GBM and Huisman, JA},
	year = {2005},
	pages = {253--271},
  publisher = {Elsevier}
}

@article{hoyer_optimal_2007,
	title = {Optimal Interpolation of Sea Surface Temperature for the North Sea and Baltic Sea},
	volume = {65},
	year = {2007},
	doi = {10.1016/j.jmarsys.2005.03.008},
	number = {1-4},
	journal = {Journal of Marine Systems},
	author = {Hoyer, Jacob L and She, Jun},
	pages = {176--189},
	publisher = {Elsevier}
}

@article{perry_generation_2008,
	title = {Generation of soil moisture patterns at the catchment scale by EOF interpolation},
	volume = {12},
	number = {1},
	journal = {Hydrology and Earth System Science},
	author = {Perry, MA and Niemann, JD},
	year = {2008},
	pages = {39--53},
	doi = {10.5194/hess-12-39-2008},
	publisher = {European Geosciences Union}
}

@article{li_variational_2015,
	title = {Variational Data Assimilative Modeling of the Gulf of Maine Circulation in Spring and Summer 2010},
	volume = {120},
	doi = {10.1002/2014JC010492},
	number = {5},
	journal = {Journal of Geophysical Research Oceans},
	author = {Li, Yizhen and He, Ruoying and Chen, Ke and McGillicuddy Jr, Dennis J},
	year = {2015},
	pages = {3522--3541},
	publisher = {Advanced Earth and Space Science}
}

@inproceedings{srinivasan_efficient_2010,
	address = {Atlanta, GA},
	title = {Efficient kriging for real-time spatio-temporal interpolation},
	booktitle = {Proceedings of the 20th Conference on Probability and Statistics in the Atmospheric Sciences},
	author = {Srinivasan, Balaji Vasan and Duraiswami, Ramani and Murtugudde, Raghu},
	year = {2010},
	pages = {228--235},
	publisher = {American Meteorological Society}
}

@article{yang_method_2018,
	title = {A method for extracting road boundary information from crowdsourcing vehicle gps trajectories},
	volume = {18},
	doi = {10.3390/s18041261},
	number = {4},
	journal = {Sensors},
	author = {Yang, Wei and Ai, Tinghua and Lu, Wei},
	year = {2018},
	article-number = {1261},
	publisher = {MDPI}
}

@article{tremblay_interpolation_2006,
	title = {Interpolation of animal tracking data in a fluid environment.},
	volume = {209},
	doi = {10.1242/jeb.01970},
	number = {1},
	journal = {The Journal of Experimental Biology},
	author = {Tremblay, Yann and Shaffer, Scott A and Fowler, Shannon L and Kuhn, Carey E and McDonald, Birgitte I and Weise, Michael J and Bost, Charle-Andre and Weimerskirch, Henri and Crocker, Daniel E and Goebel, Michael E and Costa, Daniel P},
	year = {2006},
	pages = {128--140},
	publisher = {The Companry of Biologists}
}

@inproceedings{jie_novel_2017,
  booktitle={2017 4th International Conference on Transportation Information and Safety (ICTIS)},
	title = {A novel estimation algorithm for interpolating ship motion},
	doi = {10.1109/ICTIS.2017.8047821},
	author = {Jie, Xue and Chaozhong, Wu and Zhijun, Chen and Xiaoxuan, Chen},
	year = {2017},
	pages = {557--562},
	publisher= {IEEE}
}



@article{guo_improved_2021,
	title = {Improved kinematic interpolation for {AIS} trajectory reconstruction},
	volume = {234},
	doi = {10.1016/j.oceaneng.2021.109256},
	journal = {Ocean Engineering},
	author = {Guo, Shaoqing and Mou, Junmin and Chen, Linying and Chen, Pengfei},
	year = {2021},
	pages = {109256},
	publisher = {Elsevier}
}

@article{howarth_quantitative_2010,
	title = {Quantitative assessment of the accuracy for three interpolation techniques in kinematic analysis of human movement},
	volume = {13},
	doi = {10.1080/10255841003664701},
	number = {6},
	journal = {Computer Methods in Biomechanics and Biomedical Engineering},
	author = {Howarth, Samuel J and Callaghan, Jack P},
	year = {2010},
	pages = {847--855},
	publisher = {Taylor \& Francis}
}

@article{yao_clustering_2019,
	title = {Clustering driver behavior using dynamic time warping and hidden Markov model},
	volume = {25},
	doi = {10.1080/15472450.2019.1646132},
	number = {3},
	journal = {Journal of Intelligent Transportation Systems},
	author = {Yao, Ying and Zhao, Xiaohua and Wu, Yiping and Zhang, Yunlong and Rong, Jian},
	year = {2019},
	pages = {249--262},
	publisher = {Taylor \& Francis}
}

@article{purwanto_spatial_2012,
	title = {Spatial Hotspots Clustering of Forest and Land Fires using DBSCAN and ST-DBSCAN},
	journal = {Environmental Science},
	author = {Purwanto, Utrsi Yustina and Barus, Baba and Adrianto, Hari Agung},
	year = {2012},
	publisher = {Elsevier}
}

@article{deng_scalable_2015,
	title = {A scalable and fast OPTICS for clustering trajectory big data},
	volume = {18},
	doi = {10.1007/s10586-014-0413-9},
	journal = {Cluster Computing},
	author = {Deng, Ze and Hu, Yangyang and Huang, Xiaohui and Du, Bo},
	year = {2015},
	pages = {549--562},
	publisher = {Springer}
}

@INPROCEEDINGS{alowayr_review_2021,
  author={Alowayr, Anwar D. and Alsalooli, Lama A. and Alshahrani, Amal M. and Akaichi, Jalel},
  booktitle={2021 International Conference of Women in Data Science at Taif University (WiDSTaif )}, 
  title={A Review of Trajectory Data Mining Applications}, 
  year={2021},
  volume={},
  number={},
  pages={1--6},
  doi={10.1109/WiDSTaif52235.2021.9430226},
  publisher = {IEEE}
  }
  
@inproceedings{li_clustering_2004,
author = {Li, Yifan and Han, Jiawei and Yang, Jiong},
title = {Clustering Moving Objects},
year = {2004},
isbn = {1581138881},
publisher = {Association for Computing Machinery},
address = {New York, NY, USA},
doi = {10.1145/1014052.1014129},
booktitle = {Proceedings of the Tenth ACM SIGKDD International Conference on Knowledge Discovery and Data Mining},
pages = {617–622},
numpages = {6},
location = {Seattle, WA, USA},
series = {KDD '04}
}


@inbook{rokach_clustering_2005,
	address = {Boston, MA},
	title = {Clustering Methods},
	doi={10.1007/0-387-25465-X_15},
	booktitle = {Data Mining and Knowledge Discover Handbook},
	publisher = {Springer},
	author = {Rokach, Lior and Maimon, Oded},
	pages = {321--352},
	year = {2005}
}

@article{technitis_b_2015,
	title = {From A to B, randomly: a point-to-point random trajectory generator for animal movement},
	volume = {29},
	doi = {10.1080/13658816.2014.999682},
	number = {6},
	journal = {International Journal of Geographical Information Science},
	author = {Technitis, Georgios and Othman, Walied and Safi, Kamran and Weibel, Robert},
	year = {2015},
	pages = {912--934},
	publisher = {Taylor \& Francis}
}

@inproceedings{andrienko_interactive_2009-1,
	address = {Atlantic City, NJ, USA},
	title = {Interactive visual clustering of large collections of trajectories},
	doi = {10.1109/VAST.2009.5332584},
	booktitle = {2009 {IEEE} {Symposium} on {Visual} {Analytics} {Science} and {Technology}},
	author = {Andrienko, Gennady and Andrienko, Natalia and Rinzivillo, Salvatore and Nanni, Micro},
	year = {2009},
	pages = {3--10},
	publisher = {IEEE}
}


@article{kort_atmos_2012,
	title = {Atmospheric observations of Arctic Ocean methane emissions up to 82 north},
	volume = {5},
	doi = {10.1038/ngeo1452},
	journal = {Nature Geosciences},
	author = {Kort, E and Wofsy, S. and Daube, B. et al},
	year = {2012},
	pages = {318-–321},
	publisher = {Nature}
}

@article{kwok_seasonal_2002,
  author = {Kwok, R. and Cunningham, G. F.},
  title = {Seasonal ice area and volume production of the Arctic Ocean: November 1996 through April 1997},
  journal = {Journal of Geophysical Research: Oceans},
  volume = {107},
  number = {C10},
  pages = {SHE 12-1-SHE 12-17},
  doi = {10.1029/2000JC000469},
  publisher = {AGU},
  year = {2002}
}

@inproceedings{fanaee_spat_2012,
  author = {Fanaee-T, Hadi},
  year = {2012},
  month = {01},
  pages = {},
  title = {Spatio-Temporal Clustering Methods Classification},
  doi = {10.13140/RG.2.1.3812.7204}
}


@inbook{kisilevich_2010,
	address = {Boston, MA},
	title = {Spatio-temporal clustering: a survey},
	booktitle = {Data Mining and Knowledge Discover Handbook},
	publisher = {Springer},
	author = {Kisilevich S. and Mansmann F. and Nanni M. and Rinzivillo S.},
	pages = {855-–874},
	year = {2010}
}

@inproceedings{bogorny_spatial_2010,
  author = {Bogorny, Vania and Shekhar, Shashi},
  year = {2010},
  month = {12},
  pages = {1217},
  title = {Spatial and Spatio-temporal Data Mining},
  doi = {10.1109/ICDM.2010.166},
  booktitle = {2010 IEEE international conference on data mining},
  publisher = {IEEE}
}

@INPROCEEDINGS{pelekis_sim_2007,
  author={Pelekis, Nikos and Kopanakis, Ioannis and Marketos, Gerasimos and Ntoutsi, Irene and Andrienko, Gennady and Theodoridis, Yannis},
  booktitle={14th International Symposium on Temporal Representation and Reasoning (TIME'07)}, 
  title={Similarity Search in Trajectory Databases}, 
  year={2007},
  volume={},
  number={},
  pages={129-140},
  doi={10.1109/TIME.2007.59},
  publisher = {IEEE}
  }
  
@inproceedings{gaffney_traj_1999,
  author = {Gaffney, Scott and Smyth, Padhraic},
  title = {Trajectory Clustering with Mixtures of Regression Models},
  year = {1999},
  publisher = {Association for Computing Machinery},
  address = {New York, NY, USA},
  doi = {10.1145/312129.312198},
  booktitle = {Proceedings of the Fifth ACM SIGKDD International Conference on Knowledge Discovery and Data Mining},
  pages = {63–-72},
  numpages = {10},
  location = {San Diego, California, USA},
  series = {KDD '99}
}


@article{guan_relative_2013,
  author = {Guan, Bo and Liu, Liangxu and Chen, Jinyang},
  year = {2013},
  month = {01},
  pages = {},
  title = {Using Relative Distance and Hausdorff Distance to Mine Trajectory Clusters},
  volume = {11},
  journal = {TELKOMNIKA Indonesian Journal of Electrical Engineering},
  doi = {10.11591/telkomnika.v11i1.1877},
  publisher = {Institute of Advanced Engineering and Science}
}

@INPROCEEDINGS{vlachos_discovering_2002,
  author={Vlachos, M. and Kollios, G. and Gunopulos, D.},
  booktitle={Proceedings 18th International Conference on Data Engineering}, 
  title={Discovering similar multidimensional trajectories}, 
  year={2002},
  volume={},
  number={},
  pages={673--684},
  doi={10.1109/ICDE.2002.994784},
  publisher = {IEEE}
  }
  
@inproceedings{bollobas1997time,
  title={Time-series similarity problems and well-separated geometric sets},
  author={Bollobas, Bela and Das, Gautam and Gunopulos, Dimitrios and Mannila, Heikki},
  booktitle={Proceedings of the thirteenth annual symposium on Computational geometry},
  pages={454--456},
  year={1997},
  publisher = {ACM}
}  

@inproceedings{Berndt1994UsingDT,
  title={Using Dynamic Time Warping to Find Patterns in Time Series},
  author={Donald J. Berndt and James Clifford},
  booktitle={KDD Workshop},
  year={1994},
  pages = {359--370},
  publisher = {AAAI}
}

@inproceedings{sakurai_ftw_2005,
  author = {Sakurai, Yasushi and Yoshikawa, Masatoshi and Faloutsos, Christos},
  title = {FTW: Fast Similarity Search under the Time Warping Distance},
  year = {2005},
  publisher = {Association for Computing Machinery},
  address = {New York, NY, USA},
  doi = {10.1145/1065167.1065210},
  booktitle = {Proceedings of the Twenty-Fourth ACM SIGMOD-SIGACT-SIGART Symposium on Principles of Database Systems},
  pages = {326–-337},
  numpages = {12},
  location = {Baltimore, Maryland},
  series = {PODS '05}
}

@inproceedings{ester_db_1996,
  title = {A density-based algorithm for discovering clusters in large spatial databases with noise},
  author = {Ester, M and Kriegel, H P and Sander, J and Xiaowei, Xu},
  booktitle = {2nd International Conference on Knowledge Discovery and Data Mining},
  location = {Portland, OR},
  year = {1996},
  month = {12},
  pages = {226--231}
}
 
@article{CHIMWAYI20181218,
  title = {Clustering West Nile Virus Spatio-temporal data using ST-DBSCAN},
  journal = {Procedia Computer Science},
  volume = {132},
  pages = {1218--1227},
  year = {2018},
  note = {International Conference on Computational Intelligence and Data Science},
  doi = {10.1016/j.procs.2018.05.037},
  url = {https://www.sciencedirect.com/science/article/pii/S1877050918307695},
  author = {Chimwayi, K.B. and Anuradha, J}
}


@inproceedings{liu2012,
  author = {Liu, Liang Xu and Song, Jia Tao and Guan, Bo and Wu, Zhao Xiao and He, Ke Jia},
  title = {Tra-DBScan: A Algorithm of Clustering Trajectories},
  year = {2012},
  volume = {121},
  pages = {4875--4879},
  booktitle = {Frontiers of Manufacturing and Design Science II},
  series = {Applied Mechanics and Materials},
  publisher = {Trans Tech Publications Ltd},
  doi = {10.4028/www.scientific.net/AMM.121-126.4875}
}




@article{ankerst_optics_1999,
  author = {Ankerst, Mihael and Breunig, Markus M. and Kriegel, Hans-Peter and Sander, J\"{o}rg},
  title = {OPTICS: Ordering Points to Identify the Clustering Structure},
  year = {1999},
  publisher = {Association for Computing Machinery},
  address = {New York, NY, USA},
  volume = {28},
  number = {2},
  doi = {10.1145/304181.304187},
  journal = {SIGMOD Rec.},
  pages = {49–60},
  numpages = {12},
}

@article{Nanni2006TimefocusedCO,
  title={Time-focused clustering of trajectories of moving objects},
  author={Nanni, M. and Pedreschi, D.},
  journal={Journal of Intelligent Information Systems},
  year={2006},
  volume={27},
  pages={267--289}, 
  doi = {10.1007/s10844-006-9953-7},
  publisher = {Springer}
}

@article{AGRAWAL2016388,
title = {Development and validation of OPTICS based spatio-temporal clustering technique},
journal = {Information Sciences},
author = {Agrawal, KP and Garg, Sanjay and Sharma, Shashikant and Patel, Pinkal},
volume = {369},
pages = {388-401},
year = {2016},
doi = {10.1016/j.ins.2016.06.048},
publisher = {Elsevier}
}


@article{coburn_interpolating_2004,
    author = {Coburn, James and Crisco, Joseph J.},
    title = {Interpolating Three-Dimensional Kinematic Data Using Quaternion Splines and Hermite Curves},
    journal = {Journal of Biomechanical Engineering},
    volume = {127},
    number = {2},
    pages = {311-317},
    year = {2004},
    doi = {10.1115/1.1865195},
    url = {https://doi.org/10.1115/1.1865195},
    publisher = {The American Society of Mechanical Engineers}
}

@article{schreyer_elastic_2006,
  author = {Schreyer, H. L. and Sulsky, D. L. and Munday, L. B. and Coon, M. D. and Kwok, R.},
  title = {Elastic-decohesive constitutive model for sea ice},
  journal = {Journal of Geophysical Research: Oceans},
  volume = {111},
  number = {C11},
  doi = {10.1029/2005JC003334},
  year = {2006},
  publisher = {AGU}
}

@inproceedings{badgley_1961,
  author = {Badgley, F.I.},
  title = {Heat balance at the surface of the arctic ocean},
  year = {1961},
  pages = {101--104},
  booktitle = {Proc 29th Annual Western 528 Snow Conference Spokane}
}

@article{BLANGIARDO201333,
  title = {Spatial and spatio-temporal models with R-INLA},
  journal = {Spatial and Spatio-temporal Epidemiology},
  volume = {4},
  pages = {33--49},
  year = {2013},
  doi = {10.1016/j.sste.2012.12.001},
  author = {Blangiardo, Marta and Cameletti, Michela and Baio, Gianluca and Rue, Havard},
  publisher = {Elsevier}
}

@article{kodinariya_2013,
  author = {Kodinariya, Trupti and Makwana, Prashant},
  year = {2013},
  month = {01},
  pages = {90--95},
  title = {Review on Determining of Cluster in K-means Clustering},
  volume = {1},
  journal = {International Journal of Advance Research in Computer Science and Management Studies}
}

@article{steinley_kmeans_2006,
  author = {Steinley, Douglas},
  title = {K-means clustering: A half-century synthesis},
  journal = {British Journal of Mathematical and Statistical Psychology},
  volume = {59},
  number = {1},
  pages = {1--34},
  doi = {10.1348/000711005X48266},
  year = {2006},
  publisher = {The British Psychological Soceity}
}

@Manual{gpgp_pkg,
    title = {GpGp: fast Gaussian process computation using Vecchia’s approximation},
    author = {Guinness, J and Katzfuss, M},
    year = {2021},
    note = {R package version 0.4.0},
    url = {https://cran.r-project.org/web/packages/GpGp}
}
  
  
@article{vecchia1988estimation,
  title={Estimation and model identification for continuous spatial processes},
  author={Vecchia, Aldo V},
  journal={Journal of the Royal Statistical Society: Series B (Methodological)},
  volume={50},
  number={2},
  pages={297--312},
  year={1988},
  publisher={Wiley Online Library}
}

@article{rue_inla_2009,
  author = {Rue, Havard and Martino, Sara and Chopin, Nicolas},
  title = {Approximate Bayesian inference for latent Gaussian models by using integrated nested   Laplace approximations},
  journal = {Journal of the Royal Statistical Society: Series B (Statistical Methodology)},
  volume = {71},
  number = {2},
  pages = {319-392},
  doi = {https://doi.org/10.1111/j.1467-9868.2008.00700.x},
  publisher = {Wiley},
  year = {2009}
}

@article{MORAGA2021100440,
title = {Bayesian spatial modelling of geostatistical data using INLA and SPDE methods: A case study predicting malaria risk in Mozambique},
  journal = {Spatial and Spatio-temporal Epidemiology},
  volume = {39},
  pages = {100440},
  year = {2021},
  doi = {https://doi.org/10.1016/j.sste.2021.100440},
  author = {Moraga, Paula and Dean, Christopher and Inoue, Joshua and Morawiecki, Piotr and Noureen, Shahzeb Raja and Wang, Fengpei},
  publisher = {Elsevier}
}

@article{rue_review_2017,
    title = {Bayesian computing with {INLA}: {A} review},
    author = {H{\aa}vard Rue and Andrea I. Riebler and Sigrunn H. S{\o}rbye and Janine B. Illian and Daniel P. Simpson and Finn K. Lindgren},
    journal = {Annual Reviews of Statistics and Its Applications},
    year = {2017},
    volume = {4},
    number = {March},
    pages = {395--421},
    url = {http://arxiv.org/abs/1604.00860},
  }
  
  
@WWW{sea_ice_lead_2018,
  author    = {Bob Henson},
  title     = {Risk Levels},
  year      = {2018},
  date      = {2018-02-5},
  url       = {https://www.wunderground.com/cat6/models-coming-agreement-widespread-effects-arctic-sea-ice-loss},
  urldate   = {2022-08-26},
  publisher = {Weather Underground},
}

@article{liu_dbscan_ex_2012,
  author = {Liu, Qiliang and Deng, Min and Bi, Jiantao and Yang, Wentao},
  year = {2012},
  month = {01},
  pages = {1--20},
  title = {A novel method for discovering spatio-temporal clusters of different sizes, shapes, and densities in the presence of noise},
  volume = {7},
  journal = {International Journal of Digital Earth - INT J DIGIT EARTH},
  doi = {10.1080/17538947.2012.655256}
}

@article{st_interpolation_eldranaly17,
  author = {Eldrandaly, Khalid and Abdelmouty, Ahmed},
  year = {2017},
  month = {06},
  pages = {},
  title = {Spatio-temporal interpolation: Current Practices and Future Prospects},
  volume = {11},
  journal = {International Journal of Digital Content Technology and its Applications}
}

@misc{lead_pic_2009, 
  title={Recurring Spring Leads and Landfast Ice in the Beaufort and Chukchi Seas, 1993-2004, Version 1},
  url={https://nsidc.org/data/G02173/versions/1}, 
  DOI={10.7265/N5SB43P0}, 
  publisher={National Snow and Ice Data Center},
  author={Eicken, H. and Shapiro, L. and Gaylord, A.G. and Mahoney, A. and Cotter, P.W.},
  year={2009} }
  
  
@article{SALVANA2020100411,
  title = {Nonstationary cross-covariance functions for multivariate spatio-temporal random fields},
  journal = {Spatial Statistics},
  volume = {37},
  pages = {100411},
  year = {2020},
  doi = {https://doi.org/10.1016/j.spasta.2020.100411},
  author = {Salvaña, Mary Lai O. and Genton, Marc G},
  publisher = {Elsevier}
}

@article{guinness_nonstationary_2013,
 author = {Guinness, Joseph and Stein, Michael L.},
 journal = {The Annals of Applied Statistics},
 number = {3},
 pages = {1684--1708},
 publisher = {Institute of Mathematical Statistics},
 title = {INTERPOLATION OF NONSTATIONARY HIGH FREQUENCY SPATIAL—TEMPORAL TEMPERATURE DATA},
 volume = {7},
 year = {2013}
}

